<?xml version="1.0" encoding="UTF-8"?><collection xmlns="http://www.loc.gov/MARC21/slim"><record><leader>00470nam--2200133-i-4500</leader><controlfield tag="001">000006775</controlfield><controlfield tag="002">20161230</controlfield><controlfield tag="005">20161230201027</controlfield><controlfield tag="008">060222s1000------------r-----000-0-eng-d</controlfield><datafield ind1=" " ind2=" " tag="100"><subfield code="a">Baumann, Germain</subfield></datafield><datafield ind1=" " ind2=" " tag="245"><subfield code="a">Hyperfragments produits dans les interac tions de protons de 25 gev, de meson pi de 17,2 gev/c et de mesons k- de 1,5 gev/c avec les noyaux de l emultion ionographique</subfield></datafield><datafield ind1=" " ind2=" " tag="260"><subfield code="a">Strasbourg, Faculte Des Sciences, 1963 53 P</subfield></datafield><datafield ind1=" " ind2=" " tag="490"><subfield code="a">These</subfield></datafield><datafield ind1=" " ind2=" " tag="852"><subfield code="a">19661</subfield></datafield></record></collection>